<?xml version="1.0" encoding="UTF-8"?><collection xmlns="http://www.loc.gov/MARC21/slim"><record><leader>00492nam--2200157-i-4500</leader><controlfield tag="001">000002283</controlfield><controlfield tag="002">20161230</controlfield><controlfield tag="005">20161230201024</controlfield><controlfield tag="008">060222s1000------------r-----000-0-eng-d</controlfield><datafield ind1=" " ind2=" " tag="020"><subfield code="a">BUCURESTI, EDITURA DIDACTICA SI PEDAGOGICA 1975. 610 P</subfield></datafield><datafield ind1=" " ind2=" " tag="100"><subfield code="a">Filipescu, D., Grecu, E., Medintu, R.,Rosculet, M</subfield></datafield><datafield ind1=" " ind2=" " tag="245"><subfield code="a">Matematici generale pentru subingineri</subfield></datafield><datafield ind1=" " ind2=" " tag="260"><subfield code="a">Bucuresti</subfield><subfield code="b">Editura Didactica si Pedagogica</subfield><subfield code="c">1975</subfield></datafield><datafield ind1=" " ind2=" " tag="300"><subfield code="a">611 p</subfield></datafield><datafield ind1=" " ind2=" " tag="852"><subfield code="a">42800</subfield><subfield code="c">51</subfield></datafield><datafield ind1=" " ind2=" " tag="CAT"><subfield code="a">Sys</subfield><subfield code="c">20080410</subfield><subfield code="h">112753</subfield></datafield></record></collection>